@ARTICLE{hugedata,
  author =       {Wegman, Edward J.},
  title =        {Huge Data Sets and the Frontiers of Computational Feasibility},
  journal =      {Journal of Computational and Graphical Statistics},
  year =         {1995},
  volume =       {4},
  number =       {4},
  pages =        {pp. 281-295},
  publisher = {American Statistical Association, Institute of Mathematical Statistics, and Interface Foundation of America},
}

@ARTICLE{Fraud,
  author =       {Tom Fawcett and Foster Provost},
  title =        {Adaptive Fraud Detection},
  journal =      {Data Mining and Knowledge Discovery},
  year =         {1997},
  volume =       {1},
  number =       {3},
  pages =        {291},
}